@article{barenco1995elementary,
  author    = {Barenco, A. and Bennett, C. H. and Cleve, R. and DiVincenzo, D. P. and Margolus, N. and Shor, P. and Weinfurter, H.},
  title     = {Elementary gates for quantum computation},
  journal   = {Physical Review A},
  year      = {1995},
  volume    = {52},
  number    = {5},
  pages     = {3457},
}

@misc{garcia2018norms,
  author    = {Garcia, S.},
  title     = {L0 Norm, L1 Norm, L2 Norm \& L-Infinity Norm},
  year      = {2018},
  month     = {Apr},
  day       = {30},
  howpublished = {\url{https://montjoile.medium.com/l0-norm-l1-norm-l2-norm-l-infinity-norm-7a7d18a4f40c}},
  note      = {Retrieved July 10, 2024},
}

@book{nielsen2023quantum,
  author    = {Nielsen, M. A. and Chuang, I. L.},
  title     = {Quantum Computation and Quantum Information},
  edition   = {10th},
  year      = {2023},
  publisher = {Cambridge University Press},
}

@misc{quantuminspire2024rotation,
  title     = {Rotation operators},
  year      = {n.d.},
  howpublished = {\url{https://www.quantum-inspire.com/kbase/rotation-operators/}},
  note      = {Retrieved July 10, 2024},
}

@misc{shi2002toffoli,
  author    = {Shi, Y.},
  title     = {Both Toffoli and Controlled-NOT need little help to do universal quantum computation},
  year      = {2002},
  howpublished = {\url{https://arxiv.org/abs/quant-ph/0205115}},
}

@misc{saifr2024quantum,
  title     = {Universal set of quantum gates [Lecture notes]},
  year      = {n.d.},
  howpublished = {\url{https://www.ictp-saifr.org/wp-content/uploads/2022/11/ICTP_SAIFR_D1-L2.pdf}},
  note      = {Retrieved July 10, 2024},
}

@misc{zalcman2021universal,
  author    = {Zalcman, A.},
  title     = {Does anyone know the list of all known universal sets of quantum gates? [Online forum post]},
  year      = {2021},
  month     = {Apr},
  day       = {21},
  howpublished = {\url{https://quantumcomputing.stackexchange.com/questions/17173/does-anyone-know-the-list-of-all-known-universal-sets-of-quantum-gates}},
}
